<record xmlns='http://www.loc.gov/MARC21/slim'><leader>04300cgm a2200601Ki 4500</leader><controlfield tag='001'>99105855523506421</controlfield><controlfield tag='005'>20201012134911.0</controlfield><controlfield tag='007'>vd mvauzu</controlfield><controlfield tag='008'>171127t20171956nyu574            vlfre d</controlfield><datafield ind1='1' ind2=' ' tag='024'><subfield code='a'>854565002166</subfield></datafield><datafield ind1=' ' ind2=' ' tag='035'><subfield code='a'>(OCoLC)1012941693</subfield></datafield><datafield ind1=' ' ind2=' ' tag='035'><subfield code='a'>(OCoLC)on1012941693</subfield></datafield><datafield ind1=' ' ind2=' ' tag='035'><subfield code='a'>10585552</subfield></datafield><datafield ind1=' ' ind2=' ' tag='035'><subfield code='a'>(NjP)10585552-princetondb</subfield></datafield><datafield ind1=' ' ind2=' ' tag='040'><subfield code='a'>BUF</subfield><subfield code='b'>eng</subfield><subfield code='e'>rda</subfield><subfield code='c'>BUF</subfield><subfield code='d'>TEF</subfield><subfield code='d'>FUG</subfield><subfield code='d'>NjP</subfield></datafield><datafield ind1=' ' ind2=' ' tag='041'><subfield code='a'>fre</subfield><subfield code='a'>eng</subfield><subfield code='j'>eng</subfield></datafield><datafield ind1=' ' ind2=' ' tag='043'><subfield code='a'>f------</subfield></datafield><datafield ind1=' ' ind2='4' tag='050'><subfield code='a'>GN347</subfield><subfield code='b'>.E45 2017</subfield></datafield><datafield ind1='0' ind2='4' tag='082'><subfield code='a'>301</subfield><subfield code='2'>23</subfield></datafield><datafield ind1='0' ind2='0' tag='245'><subfield code='a'>Eight films by Jean Rouch.</subfield></datafield><datafield ind1='3' ind2='3' tag='246'><subfield code='a'>8 films by Jean Rouch</subfield></datafield><datafield ind1=' ' ind2='2' tag='264'><subfield code='a'>[Brooklyn, N.Y.] :</subfield><subfield code='b'>Icarus Films,</subfield><subfield code='c'>[2017]</subfield></datafield><datafield ind1=' ' ind2='1' tag='264'><subfield code='a'>[Paris] :</subfield><subfield code='b'>Les Films de La Pleiade,</subfield><subfield code='c'>1956-1971.</subfield></datafield><datafield ind1=' ' ind2='4' tag='264'><subfield code='c'>©1956-1971</subfield></datafield><datafield ind1=' ' ind2=' ' tag='300'><subfield code='a'>4 videodiscs (approximately 574 min.) :</subfield><subfield code='b'>sound, color and black and white ;</subfield><subfield code='c'>4 3/4 in. +</subfield><subfield code='e'>1 booklet (22 pages : illustrations (some color) ; 19 cm)</subfield></datafield><datafield ind1=' ' ind2=' ' tag='336'><subfield code='a'>two-dimensional moving image</subfield><subfield code='b'>tdi</subfield><subfield code='2'>rdacontent</subfield></datafield><datafield ind1=' ' ind2=' ' tag='337'><subfield code='a'>video</subfield><subfield code='b'>v</subfield><subfield code='2'>rdamedia</subfield></datafield><datafield ind1=' ' ind2=' ' tag='338'><subfield code='a'>videodisc</subfield><subfield code='b'>vd</subfield><subfield code='2'>rdacarrier</subfield></datafield><datafield ind1=' ' ind2=' ' tag='344'><subfield code='a'>digital</subfield><subfield code='b'>optical</subfield><subfield code='2'>rda</subfield></datafield><datafield ind1=' ' ind2=' ' tag='347'><subfield code='a'>video file</subfield><subfield code='b'>DVD video</subfield><subfield code='e'>all regions</subfield><subfield code='2'>rda</subfield></datafield><datafield ind1=' ' ind2=' ' tag='380'><subfield code='a'>Documentary films.</subfield><subfield code='2'>lcgft</subfield></datafield><datafield ind1=' ' ind2=' ' tag='538'><subfield code='a'>DVD ; all regions ; Dolby digital.</subfield></datafield><datafield ind1=' ' ind2=' ' tag='546'><subfield code='a'>In French and English with English subtitles.</subfield></datafield><datafield ind1=' ' ind2=' ' tag='500'><subfield code='a'>Title from container.</subfield></datafield><datafield ind1=' ' ind2=' ' tag='500'><subfield code='a'>Originally released as documentary films 1956-1971.</subfield></datafield><datafield ind1=' ' ind2=' ' tag='520'><subfield code='a'>&quot;Jean Rouch was an inspiration for the French New Wave, and a revolutionary force in ethnography and the study of Africa. Beginning in 1955 with his most controversial film The Mad Masters, through 1969&apos;s darkly comic Little by Little, these films represent the most sustained flourishing of Rouch&apos;s practice of &quot;shared anthropology,&quot; a process of collaboration with his subjects. Astonishing on their own terms, now restored and released for the first time, Eight films by Jean Rouch is essential for anyone interested in better understanding the development of ethnography and the cross-currents of colonialism and post-colonial social change in Africa, as well as documentary film practice, film history, and world cinema as a whole. Included in this box set are eight newly restored films on four discs, a 24-page booklet with two essays about Rouch and his methodology, and a new documentary about Rouch, his films, and his influence on African cinema, Jean Rouch, &quot;the Adventurous filmmaker&quot; -- Icarus Films website.</subfield></datafield><datafield ind1='0' ind2='0' tag='505'><subfield code='g'>Disc 1.</subfield><subfield code='t'>Mammy water --</subfield><subfield code='g'>(1956, 19 min.) ;</subfield><subfield code='t'>The mad masters --</subfield><subfield code='g'>(1956, 29 min.) --</subfield><subfield code='t'>Moi, un noir --</subfield><subfield code='g'>(1959, 74 min.) --</subfield><subfield code='g'>Disc 2.</subfield><subfield code='t'>The human pyramid --</subfield><subfield code='g'>(1961, 93 min.) --</subfield><subfield code='t'>The lion hunters --</subfield><subfield code='g'>(1967, 81 min.) --</subfield><subfield code='g'>Disc 3.</subfield><subfield code='t'>Jaguar --</subfield><subfield code='g'>(1967, 93 min.) --</subfield><subfield code='t'>Little by little</subfield><subfield code='g'>(1971, 96 min.) --</subfield><subfield code='g'>Disc 4.</subfield><subfield code='t'>The punishment --</subfield><subfield code='g'>(1964, 64 min.) --</subfield><subfield code='t'>Jean Rouch, the adventerous filmmaker /</subfield><subfield code='r'>Laurent Védrine</subfield><subfield code='g'>(2017, 55 min.).</subfield></datafield><datafield ind1=' ' ind2=' ' tag='500'><subfield code='a'>&quot;Digitized and restored in 2K with the support of the Centre National du Cinéma.&quot;</subfield></datafield><datafield ind1=' ' ind2=' ' tag='500'><subfield code='a'>&quot;Deluxe 4-disc set ; HD digital restorations ; booklet with essays by Paul Stoller and Eric Kohn&quot; -- Back cover of container.</subfield></datafield><datafield ind1='1' ind2='0' tag='600'><subfield code='a'>Rouch, Jean.</subfield><subfield code='0'>http://id.loc.gov/authorities/names/n83040611</subfield></datafield><datafield ind1=' ' ind2='0' tag='650'><subfield code='a'>Video recording in ethnology</subfield><subfield code='z'>Africa.</subfield></datafield><datafield ind1=' ' ind2='0' tag='650'><subfield code='a'>Ethnographic films.</subfield><subfield code='0'>http://id.loc.gov/authorities/subjects/sh2002000131</subfield></datafield><datafield ind1=' ' ind2='7' tag='655'><subfield code='a'>Documentary films.</subfield><subfield code='2'>lcgft</subfield><subfield code='0'>http://id.loc.gov/authorities/genreForms/gf2011026205</subfield></datafield><datafield ind1=' ' ind2='7' tag='655'><subfield code='a'>Nonfiction films.</subfield><subfield code='2'>lcgft</subfield><subfield code='0'>http://id.loc.gov/authorities/genreForms/gf2011026423</subfield></datafield><datafield ind1=' ' ind2='7' tag='655'><subfield code='a'>Video recordings for the hearing impaired.</subfield><subfield code='2'>lcgft</subfield><subfield code='0'>http://id.loc.gov/authorities/genreForms/gf2011026725</subfield></datafield><datafield ind1=' ' ind2='7' tag='655'><subfield code='a'>Video recordings.</subfield><subfield code='2'>lcgft</subfield><subfield code='0'>http://id.loc.gov/authorities/genreForms/gf2011026723</subfield></datafield><datafield ind1='1' ind2=' ' tag='700'><subfield code='a'>Rouch, Jean,</subfield><subfield code='e'>film director.</subfield><subfield code='0'>http://id.loc.gov/authorities/names/n83040611</subfield></datafield><datafield ind1='1' ind2=' ' tag='700'><subfield code='a'>Stoller, Paul,</subfield><subfield code='e'>writer of supplemental textual content.</subfield><subfield code='0'>http://id.loc.gov/authorities/names/n86012630</subfield></datafield><datafield ind1='1' ind2=' ' tag='700'><subfield code='a'>Kohn, Eric,</subfield><subfield code='e'>writer of supplemental textual content.</subfield><subfield code='0'>http://id.loc.gov/authorities/names/n2014044702</subfield></datafield><datafield ind1='2' ind2=' ' tag='710'><subfield code='a'>Icarus Films,</subfield><subfield code='e'>Distributor.</subfield><subfield code='0'>http://id.loc.gov/authorities/names/n79128911</subfield></datafield><datafield ind1='2' ind2=' ' tag='710'><subfield code='a'>Films de la Pléiade (Firm),</subfield><subfield code='e'>Producer.</subfield><subfield code='0'>http://id.loc.gov/authorities/names/no99016694</subfield></datafield><datafield ind1=' ' ind2=' ' tag='904'><subfield code='a'>nk</subfield><subfield code='b'>o</subfield><subfield code='h'>m</subfield><subfield code='c'>v</subfield><subfield code='e'>20180105</subfield></datafield><datafield ind1=' ' ind2=' ' tag='999'><subfield code='a'>10585552</subfield></datafield><datafield ind1=' ' ind2=' ' tag='902'><subfield code='a'>rph</subfield><subfield code='b'>m</subfield><subfield code='6'>g</subfield><subfield code='7'>m</subfield><subfield code='d'>e</subfield><subfield code='f'>4</subfield><subfield code='e'>20180112</subfield></datafield><datafield ind1=' ' ind2=' ' tag='INT'><subfield code='a'>P</subfield></datafield><datafield ind1=' ' ind2=' ' tag='INST'><subfield code='a'>01PRI_INST</subfield></datafield><datafield ind1=' ' ind2=' ' tag='AVA'><subfield code='0'>99105855523506421</subfield><subfield code='8'>22143217040006421</subfield><subfield code='a'>01PRI_INST</subfield><subfield code='b'>firestone</subfield><subfield code='c'>Video Collection: Circulation Desk</subfield><subfield code='d'>DVD 10921</subfield><subfield code='e'>available</subfield><subfield code='f'>1</subfield><subfield code='g'>0</subfield><subfield code='j'>vidl</subfield><subfield code='k'>8</subfield><subfield code='p'>1</subfield><subfield code='q'>Firestone Library</subfield><subfield code='t'>disc 1-disc 4, booklet</subfield></datafield></record>